@online{gravitace,
title = { Wolfram Alpha Widget: Gravitational Fields },
url = {http://goo.gl/dtWkdT},
OPTurldate = {2016-04-06},
}

@book{table,
author = {Jaromír BROŽ and Vladimír ROSKOVEC and Miloslav VALOUCH},
title = {Fyzikální a matematické tabulky},
date = {1980},
publisher = {SNTL},
location = {Praha},
}

@book{prakt,
author = {Jiří ENGLICH},
title = {Úvod do praktické fyziky I},
date = {2006},
subtitle = {Zpracování výsledk? m??ení},
publisher = {MATFYZPRESS},
location = {Praha},
isbn = {80-86732-93-2},
}

@book{mechanika,
author = {Jozef KVASNICA and Antonín HAVRÁNEK and Pavel LUKÁČ and Boris SPRUŠIL},
title = {Mechanika},
date = {2004},
publisher = {Academia},
location = {Praha},
isbn = {80-200-1268-0},
}

@online{ZFP,
ALTauthor = {author},
ALTeditor = {editor},
title = {Závislost povrchového napětí na koncentraci povrchově aktivní látky | Studijní text pro fyzikální praktikum I MMF UK},
urldate = {2016-04-10},
url = {http://physics.mff.cuni.cz/vyuka/zfp/_media/zadani/texty/txt_104.pdf}
}

@book{oprava,
author = {Z. HORÁK and F. KRUPKA},
title = {Fyzika},
date = {1981},
publisher = {SNTL},
location = {Praha}
}

@online{hustota,
ALTauthor = {author},
ALTeditor = {editor},
title = {Handymath.com | Density and Concentration Calculator for Mixtures of Ethanol and Water at \SI{20}{\degreeCelsius}},
urldate = {2016-04-18},
url = {http://www.handymath.com/cgi-bin/ethanolwater3.cgi?submit=Entry}
}